@book{Golub_Van_Loan_2013, place={Baltimore, MD}, title={Matrix Computations}, publisher={Johns Hopkins University Press}, author={Golub, Gene H. and Van Loan, Charles F}, year={2013}} 

@BOOK{laug,
      AUTHOR = {Anderson, E. and Bai, Z. and Bischof, C. and
                Blackford, S. and Demmel, J. and Dongarra, J. and
                Du Croz, J. and Greenbaum, A. and Hammarling, S. and
                McKenney, A. and Sorensen, D.},
      TITLE = {{LAPACK} Users' Guide},
      EDITION = {Third},
      PUBLISHER = {Society for Industrial and Applied Mathematics},
      YEAR = {1999},
      ADDRESS = {Philadelphia, PA},
      ISBN = {0-89871-447-8 (paperback)},
      url = "https://www.netlib.org/lapack/lug/lapack_lug.html"
}

@misc{Kuttler_2021, title={8.1: Eigenvalues and eigenvectors of a matrix}, url={https://math.libretexts.org/Courses/SUNY_Schenectady_County_Community_College/Fundamentals_of_Linear_Algebra/08%3A_Eigenvalues_and_Eigenvectors/8.01%3A_Eigenvalues_and_Eigenvectors_of_a_Matrix#:~:text=Thus%20the%20eigenvalues%20are%20the,entries%20on%20the%20main%20diagonal.}, journal={Mathematics LibreTexts}, publisher={Libretexts}, author={Kuttler, Ken}, year={2021}, month={07}} 

@misc{NonsymmEig, title={Eigenvalues, eigenvectors and Schur factorization}, url={https://www.netlib.org/lapack/lug/node50.html}, journal={LAPACK Users’ Guide}, publisher={Netlib}, author={Blackford, Susan}, year={1999}, month={10}} 

@misc{SymmEig, title={Symmetric Eigenproblems}, url={https://www.netlib.org/lapack/lug/node48.html}, journal={LAPACK Users’ Guide}, publisher={Netlib}, author={Blackford, Susan}, year={1999}, month={10}} 

@misc{Arbenz_2018, title={Cuppen’s divide and conquer algorithm}, url={https://people.inf.ethz.ch/arbenz/ewp/Lnotes/chapters5-6.pdf}, journal={Numerical Methods for Solving Large Scale Eigenvalue Problems}, publisher={ETH Zurich}, author={Arbenz, Peter}, year={2018}} 

@inbook{Bottcher_Grudsky_2005, place={Philadelphia, PA}, title={2.2: Tridiagonal Toeplitz Matrices}, booktitle={Spectral properties of banded Toeplitz matrices}, publisher={Society for Industrial and Applied Mathematics}, author={Böttcher, Albrecht and Grudsky, Sergei M.}, year={2005}, pages={34–36}} 

@misc{Golub_2005, title={Lecture 14}, url={https://www.stat.uchicago.edu/~lekheng/courses/302/notes14.pdf}, journal={CME 302: Numerical Linear Algebra}, publisher={University of Chicago}, author={Golub, Gene H.}, year={2005}} 

@misc{np.LA, title={Linear Algebra (numpy.linalg)}, url={https://numpy.org/doc/stable/reference/routines.linalg.html}, journal={NumPy v1.26 Manual}, author={Developers, NumPy}} 

@misc{Gray_2017, title={How would fabs(double) be implemented on x86? is it an expensive operation?}, url={https://stackoverflow.com/questions/44630015/how-would-fabsdouble-be-implemented-on-x86-is-it-an-expensive-operation}, journal={Stack Overflow}, author={Gray, Cody}, year={2017}, month={06}} 